<record><leader>00000cas a2200000 a 4500</leader><controlfield tag="001">10546534</controlfield><controlfield tag="008">840321d19031908ksuwr ne      0   a0eng d</controlfield><datafield ind1=" " ind2=" " tag="010"><subfield code="a">sn 83041025 </subfield></datafield><datafield ind1=" " ind2=" " tag="040"><subfield code="a">KSH</subfield><subfield code="b">eng</subfield><subfield code="c">KSH</subfield><subfield code="d">NPT</subfield><subfield code="d">OCL</subfield><subfield code="d">OCLCQ</subfield></datafield><datafield ind1=" " ind2=" " tag="042"><subfield code="a">msc</subfield></datafield><datafield ind1=" " ind2=" " tag="043"><subfield code="a">n-us-ks</subfield></datafield><datafield ind1="0" ind2="0" tag="245"><subfield code="a">Scammon journal.</subfield></datafield><datafield ind1=" " ind2=" " tag="260"><subfield code="a">Scammon, Kan. :</subfield><subfield code="b">L.M. Dillman and Lawrence Dillman,</subfield><subfield code="c">1903-</subfield></datafield><datafield ind1=" " ind2=" " tag="300"><subfield code="a">v. :</subfield><subfield code="b">ill. ;</subfield><subfield code="c">37-54 cm.</subfield></datafield><datafield ind1=" " ind2=" " tag="310"><subfield code="a">Weekly</subfield></datafield><datafield ind1="0" ind2=" " tag="362"><subfield code="a">Vol. 1, no. 1 (Aug, 8, 1903)-</subfield></datafield><datafield ind1="1" ind2=" " tag="362"><subfield code="a">Ceased in 1908?</subfield></datafield><datafield ind1=" " ind2=" " tag="500"><subfield code="a">"Republican."</subfield></datafield><datafield ind1=" " ind2=" " tag="752"><subfield code="a">United States</subfield><subfield code="b">Kansas</subfield><subfield code="c">Cherokee</subfield><subfield code="d">Scammon.</subfield></datafield><datafield ind1="0" ind2="0" tag="780"><subfield code="t">Empire City journal (Empire City, Kan. : 1897)</subfield><subfield code="w">(DLC)sn 83041067</subfield></datafield></record>